<collection xmlns="http://www.loc.gov/MARC21/slim">
<record>
  <leader>00338na 0a22001091i 450 </leader>
  <controlfield tag="001">IT\ICCU\CNCE\071942</controlfield>
  <controlfield tag="005">20071029000000.0</controlfield>
  <datafield tag="100" ind1=" " ind2=" ">
    <subfield code="a">20071029             0itac0103    ba</subfield>
  </datafield>
  <datafield tag="101" ind1=" " ind2=" ">
    <subfield code="a">LAT</subfield>
  </datafield>
  <datafield tag="200" ind1="1" ind2=" ">
    <subfield code="a">Priuilegia magnificae ciuitatis Veronae. Partes, &amp; decreta quaedam illustriss. dominum Venetiarum</subfield>
  </datafield>
  <datafield tag="710" ind1="0" ind2="2">
    <subfield code="a">Verona</subfield>
    <subfield code="3">6908</subfield>
  </datafield>
  <datafield tag="801" ind1=" " ind2="3">
    <subfield code="a">IT</subfield>
    <subfield code="b">ICCU</subfield>
    <subfield code="c">20201115</subfield>
  </datafield>
</record>
</collection>
